@inproceedings{union-2022,
         author = {Raposo, Geoffrey and Trajman, Anete and Anjos, Andr{\'{e}}},
          month = 11,
          title = {Pulmonary Tuberculosis Screening from Radiological Signs on Chest X-Ray Images Using Deep Models},
      booktitle = {Union World Conference on Lung Health},
           year = {2022},
	date = {2022-11-01},
   organization = {The Union},
}

@article{nsr-2022,
	title = {State-of-the-art retinal vessel segmentation with minimalistic models},
	volume = {12},
	rights = {2022 The Author(s)},
	issn = {2045-2322},
	url = {https://www.nature.com/articles/s41598-022-09675-y},
	pdf = {https://www.nature.com/articles/s41598-022-09675-y.pdf},
    addendum      = {Cited by 3 (source: Google Scholar)},
	doi = {10.1038/s41598-022-09675-y},
	pages = {6174},
	number = {1},
	journal = {Nature Scientific Reports},
	journaltitle = {Scientific Reports},
	shortjournal = {Sci Rep},
	author = {Galdran, Adrian and Anjos, André and Dolz, José and Chakor, Hadi and Lombaert, Hervé and Ayed, Ismail Ben},
    year = {2022},
    month = 4,
	date = {2022-04-13},
	langid = {english},
	note = {Number: 1
Publisher: Nature Publishing Group},
	keywords = {Biomedical engineering, Computer science, Machine learning},
}

@article{tifs-2019,
  author = {de Freitas Pereira, Tiago and Anjos, André and Marcel, Sébastien},
  month = 12,
  title = {Heterogeneous Face Recognition Using Domain Specific Units},
  journal = {IEEE Transactions on Information Forensics and Security},
  year = {2019},
  doi = {10.1109/TIFS.2018.2885284},
  url = "http://publications.idiap.ch/index.php/publications/show/3963",
  pdf = "https://www.idiap.ch/~aanjos/papers/ieee-tifs-2018.pdf",
  addendum      = {Cited by 55 (source: Google Scholar)},
}

@article{tifs-2015,
  author = "Chingovska, Ivana and Anjos, Andr{\'{e}}",
  keywords = "Biometric Verification, Counter-Measures, Counter-Spoofing, Liveness Detection, Replay, Spoofing Attacks",
  title = "On the use of client identity information for face anti-spoofing",
  journal = "IEEE Transactions on Information Forensics and Security, Special Issue on Biometric Anti-spoofing",
  volume = "10",
  number = "4",
  month = 2,
  year = "2015",
  pages = "787--796",
  doi = "10.1109/TIFS.2015.2400392",
  pdf = "https://www.idiap.ch/~aanjos/papers/tifs-2015.pdf",
  addendum = {Cited by 72 (source: Google Scholar)},
}

@inproceedings{acmmm-2012,
  author = "André Anjos AND Laurent El Shafey AND Roy Wallace AND Manuel Günther AND Chris McCool AND Sébastien Marcel",
  title = "Bob: a free signal processing and machine learning toolbox for researchers",
  booktitle = "ACM Multimedia 2012",
  year = "2012",
  pages = "1449--1452",
  pdf = "https://www.idiap.ch/~aanjos/papers/acmmm-2012.pdf",
  doi = "10.1145/2393347.2396517",
  addendum      = {Cited by 176 (source: Google Scholar)},
}
