%%%%%%%%%%%%%%
%    2012    %
%%%%%%%%%%%%%%

@inproceedings{de2012lbp,
  title={LBP-TOP based countermeasure against face spoofing attacks},
  author={de Freitas Pereira, T. and Anjos, A. and De Martino, J.M. and Marcel, S.},
  booktitle={Asian Conference on Computer Visual 2012, LBP Workshop}
}

@inproceedings{anjos2012bob,
  title={Bob: a free signal processing and machine learning toolbox for researchers},
  author={Anjos, A. and El Shafey, L. and Wallace, R. and G{\"u}nther, M. and McCool, C. and Marcel, S.},
  journal={20th ACM Conference on Multimedia Systems (ACMMM), Nara, Japan. ACM Press},
  year={2012}
}

@inproceedings{chingovska2012effectiveness,
  title={On the Effectiveness of Local Binary Patterns in Face Anti-spoofing},
  author={Chingovska, I. and Anjos, A. and Marcel, S.},
  booktitle={Biometrics Special Interest Group (BIOSIG), 2012 BIOSIG-Proceedings of the International Conference of the},
  pages={1--7},
  year={2012},
  organization={IEEE}
}

%%%%%%%%%%%%%%
%    2011    %
%%%%%%%%%%%%%%

@inproceedings{anjos2011counter,
  title={Counter-Measures to Photo Attacks in Face Recognition: a public database and a baseline},
  author={Anjos, A. and Marcel, S.},
  booktitle={International Joint Conference on Biometrics},
  year={2011}
}

@inproceedings{chakka2011competition,
  title={Competition on counter measures to 2-D facial spoofing attacks},
  author={Chakka, M.M. and Anjos, A. and Marcel, S. and Tronci, R. and Muntoni, D. and Fadda, G. and Pili, M. and Sirena, N. and Murgia, G. and Ristori, M. and others},
  booktitle={International Joint Conference on Biometrics},
  year={2011},
}

@article{torres2011automatizing,
  title={Automatizing the online filter test management for a general-purpose particle detector},
  author={Torres, R.C. and Dos Anjos, A.R. and de Seixas, J.M. and Soloviev, I.},
  journal={Computer Physics Communications},
  volume={182},
  number={3},
  pages={555--563},
  year={2011},
  publisher={Elsevier}
}

%%%%%%%%%%%%%%
%    2010    %
%%%%%%%%%%%%%%

@article{scannicchio2010atlas,
  title={ATLAS trigger and data acquisition: Capabilities and commissioning},
  author={Scannicchio, DA},
  journal={Nuclear Instruments and Methods in Physics Research Section A: Accelerators, Spectrometers, Detectors and Associated Equipment},
  volume={617},
  number={1-3},
  pages={306--309},
  year={2010},
  publisher={Elsevier}
}
@article{miotto2010configuration,
  title={Configuration and control of the ATLAS trigger and data acquisition},
  author={Miotto, G.L. and Aleksandrov, I. and Amorim, A. and Avolio, G. and Badescu, E. and Caprini, M. and Corso-Radu, A. and Darlea, G.L. and Dos Anjos, A. and Fedorko, I. and others},
  journal={Nuclear Instruments and Methods in Physics Research Section A: Accelerators, Spectrometers, Detectors and Associated Equipment},
  volume={623},
  number={1},
  pages={549--551},
  year={2010},
  publisher={Elsevier}
}

%%%%%%%%%%%%%%
%    2009    %
%%%%%%%%%%%%%%

@article{igonkina2009calorimetry,
  title={Calorimetry triggering in ATLAS},
  author={Igonkina, O. and Achenbach, R. and Adragna, P. and Aharrouche, M. and Alexandre, G. and Andrei, V. and Anduaga, X. and Aracena, I. and Backlund, S. and Baines, J. and others},
  journal={Journal of Physics: Conference Series},
  volume={160},
  number={1},
  pages={012061},
  year={2009},
  publisher={IOP Publishing}
}


%%%%%%%%%%%%%%
%    2008    %
%%%%%%%%%%%%%%

@article{aad2008atlas,
  title={The ATLAS experiment at the CERN large hadron collider},
  author={Aad, G. and others},
  journal={Journal of Instrumentation},
  volume={3},
  pages={S08003},
  year={2008},
  publisher={IOP Publishing}
}

@article{aad2008expected,
  title={Expected performance of the ATLAS experiment-detector, trigger and physics},
  author={Aad, G. and others},
  year={2008},
  publisher={CERN/LHCC}
}

@article{vandelli2008atlas,
  title={The atlas event builder},
  author={Vandelli, W. and Abolins, M. and Battaglia, A. and Beck, HP and Blair, R. and Bogaerts, AJ and Bosman, M. and Ciobotaru, MD and Cranfield, R. and Crone, G. and others},
  journal={Nuclear Science, IEEE Transactions on},
  volume={55},
  number={6},
  pages={3556--3562},
  year={2008},
  publisher={IEEE}
}

@article{abolins2008event,
  title={Event reconstruction algorithms for the ATLAS trigger},
  author={Abolins, M. and Adragna, P. and Aleksandrov, E. and Aleksandrov, I. and Amorim, A. and Anderson, K. and Anduaga, X. and Aracena, I. and Asquith, L. and Avolio, G. and others},
  journal={Journal of Physics: Conference Series},
  volume={119},
  pages={022022},
  year={2008},
  publisher={IOP Publishing}
}

@article{beck2008performance,
  title={Performance of the final Event Builder for the ATLAS Experiment},
  author={Beck, H.P. and Abolins, M. and Battaglia, A. and Blair, R. and Bogaerts, A. and Bosman, M. and Ciobotaru, M. and Cranfield, R. and Crone, G. and Dawson, J. and others},
  journal={Nuclear Science, IEEE Transactions on},
  volume={55},
  number={1},
  pages={176--181},
  year={2008},
  publisher={IEEE}
}

@article{dos2008daq,
  title={The DAQ/HLT system of the ATLAS experiment},
  author={Dos Anjos, A. and others},
  journal={Proceedings of Science PoS (ACAT08)},
  year={2008}
}

@inproceedings{anjos2008data,
  title={Data Preparation of the Calorimeter Based Algorithms of the High-Level Trigger for the ATLAS experiment at the LHC},
  author={Anjos, A. and Bazan, A. and Damazio, DO and Laforge, B. and Lampl, W. and Laplace, S. and Ledroit, F. and Lafaye, R. and Ma, H. and Ruiz-Martinez, A. and others},
  booktitle={Astroparticle, Particle and Space Physics, Detectors and Medical Physics Applications},
  volume={1},
  pages={311--315},
  year={2008}
}

%%%%%%%%%%%%%%
%    2007    %
%%%%%%%%%%%%%%

@inproceedings{riu2007integration,
  title={Integration of the trigger and data acquisition systems in ATLAS},
  author={Riu, I. and Abolms, M. and Adragna, P. and Avolio, G. and Backhand, S. and Badescu, E. and Batreanu, S. and Battaglia, A. and Beck, H. and Bee, C. and others},
  booktitle={Real-Time Conference, 2007 15th IEEE-NPSS},
  pages={1--7},
  year={2007},
  organization={IEEE}
}

@article{torres2007online,
  title={Online electron/jet neural high-level trigger over independent calorimetry information},
  author={Torres, R.C. and Seixas, J.M. and dos Anjos, A.R. and Cunha, D.V.},
  year={2007}
}

@article{armstrong2007erratum,
  title={Erratum to``Design, Deployment and Functional Tests of the Online Event Filter for the ATLAS Experiment at LHC''},
  author={Armstrong, S. and Dos Anjos, A. and Baines, JTM and Bee, CP and Biglietti, M. and Bogaerts, JA and Boisvert, V. and Bosman, M. and Caron, B. and Casado, P. and others},
  journal={IEEE Transactions on Nuclear Science},
  volume={54},
  pages={758--758},
  year={2007}
}

%%%%%%%%%%%%%%
%    2006    %
%%%%%%%%%%%%%%

@article{dos2006neural,
  title={Neural triggering system operating on high resolution calorimetry information},
  author={Dos Anjos, A. and Torres, RC and Seixas, J.M. and Ferreira, BC and Xavier, TC},
  journal={Nuclear Instruments and Methods in Physics Research Section A: Accelerators, Spectrometers, Detectors and Associated Equipment},
  volume={559},
  number={1},
  pages={134--138},
  year={2006},
  publisher={Elsevier}
}

@article{schmitt2006configuration,
  title={A configuration system for the ATLAS trigger},
  author={Schmitt, H. and Ellis, N. and Haller, J. and H{\"o}cker, A. and Kohno, T. and Spiwoks, R. and Wengler, T. and Anjos, A. and Zobernig, H. and Wiedenmann, W. and others},
  journal={Journal of Instrumentation},
  volume={1},
  pages={P05004},
  year={2006},
  publisher={IOP Publishing}
}

@article{dos2006deployment,
  title={Deployment of the ATLAS high-level trigger},
  author={Dos Anjos, A. and Armstrong, S. and Baines, JTM and Beck, HP and Bee, CP and Biglietti, M. and Bogaerts, JA and Bosman, M. and Burckhart, D. and Caprini, M. and others},
  journal={Nuclear Science, IEEE Transactions on},
  volume={53},
  number={4},
  pages={2144--2149},
  year={2006},
  publisher={IEEE}
}

@article{vermeulen2006atlas,
  title={ATLAS dataflow: the read-out subsystem, results from trigger and data-acquisition system testbed studies and from modeling},
  author={Vermeulen, J. and Abolins, M. and Alexandrov, I. and Amorim, A. and dos Anjos, A. and Badescu, E. and Barros, N. and Beck, HP and Blair, R. and Burckhart-Chromek, D. and others},
  journal={IEEE Transactions on Nuclear Science},
  volume={53},
  number={3},
  pages={912--917},
  year={2006},
  publisher={IEEE}
}

@article{dos2006configuration,
  title={Configuration of the ATLAS trigger},
  author={Dos Anjos, A. and Ellis, N. and Haller, J. and Landon, M. and Spiwoks, R. and Wengler, T. and Wiedenmann, W. and Zobernig, H.},
  journal={Nuclear Science, IEEE Transactions on},
  volume={53},
  number={3},
  pages={990--994},
  year={2006},
  publisher={IEEE}
}

@article{kordas2006atlas,
  title={ATLAS High Level Trigger Infrastructure, ROI Collection and Event Building},
  author={Kordas, K. and Armstrong, S. and Baines, JTM and Beck, HP and Bee, C. and Bogaerts, A. and Bold, T. and Bosman, M. and Comune, G. and Cranfield, R. and others},
  journal={Proc},
  volume={15},
  year={2006}
}

@article{armstrong2006online,
  title={Online muon reconstruction in the ATLAS level-2 trigger system},
  author={Armstrong, S. and Dos Anjos, A. and Baines, JTM and Bee, CP and Biglietti, M. and Bogaerts, JA and Boisvert, V. and Bosman, M. and Caron, B. and Casado, P. and others},
  journal={Nuclear Science, IEEE Transactions on},
  volume={53},
  number={3},
  pages={1339--1346},
  year={2006},
  publisher={IEEE}
}

@article{santamarina2006implementation,
  title={Implementation and performance of the seeded reconstruction for the ATLAS event filter},
  author={Santamarina, C. and Mui{\~n}o, P.C. and Dos Anjos, A. and Armstrong, S. and Baines, JTM and Bee, CP and Biglietti, M. and Bogaerts, JA and Bosman, M. and Caron, B. and others},
  journal={Nuclear Science, IEEE Transactions on},
  volume={53},
  number={3},
  pages={864--869},
  year={2006},
  publisher={IEEE}
}

%%%%%%%%%%%%%%
%    2005    %
%%%%%%%%%%%%%%

@article{gesualdi2005overview,
  title={Overview of the High-Level Trigger Electron and Photon Selection for the ATLAS Experiment at the LHC},
  author={Gesualdi Mello, A. and Anjos, A. and Armstrong, S. and Baines, JTM and Bee, CP and Biglietti, M. and Bogaerts, JAC and Bosman, M. and Caron, B. and Casado, MP and others},
  journal={IEEE Real Time 2005 Conference},
  year={2005}
}

@article{armstrong2005design,
  title={Design, deployment and functional tests of the online event filter for the ATLAS experiment at LHC},
  author={Armstrong, S. and Dos Anjos, A. and Baines, JTM and Bee, CP and Biglietti, M. and Bogaerts, JA and Boisvert, V. and Bosman, M. and Caron, B. and Casado, P. and others},
  journal={Nuclear Science, IEEE Transactions on},
  volume={52},
  number={6},
  pages={2846--2852},
  year={2005},
  publisher={IEEE}
}

@techreport{di2005level,
  title={A Level-2 trigger algorithm for the identification of muons in the ATLAS Muon Spectrometer},
  author={Di Mattia, A. and Armstrong, S. and Dos Anjos, A. and Baines, JTM and Bee, CP and Biglietti, M. and Bogaerts, JAC and Boisvert, V. and Bosman, M. and Caron, B. and others},
  year={2005},
  institution={ATL-DAQCONF-2005-005}
}

@article{spiwoks2005configuration,
  title={Configuration of the ATLAS Trigger},
  author={Spiwoks, R. and Dos Anjos, A. and Ellis, N. and Haller, J. and Iqbal, N. and Landon, M. and Wengler, T. and Wiedenmann, W. and Zobernig, H.},
  journal={11th Workshop on Electronics for LHC and Future Experiments, Sept. 12th-16th, Heidelberg},
  year={2005}
}

@article{haller2005configuration,
  title={Configuration of the ATLAS trigger},
  author={Haller, J. and Dos Anjos, A. and Ellis, N. and Landon, M. and Spiwoks, R. and Wengler, T. and Wiedenmann, W. and Zobernig, H.},
  year={2005}
}

@inproceedings{santamarina2005implementation,
  title={Implementation and performance of the seeded reconstruction for the ATLAS event filter selection software},
  author={Santamarina, C. and Mui{\~n}o, P.C. and Dos Anjos, A. and Armstrong, S. and Baines, JTM and Bee, CP and Biglietti, M. and Bogaerts, JA and Bosman, M. and Caron, B. and others},
  booktitle={Real Time Conference, 2005. 14th IEEE-NPSS},
  pages={5--pp},
  year={2005},
  organization={IEEE}
}

%%%%%%%%%%%%%%
%    2004    %
%%%%%%%%%%%%%%

@article{beck2004base,
  title={The base-line DataFlow system of the ATLAS trigger and DAQ},
  author={Beck, H.P. and Abolins, M. and dos Anjos, A. and Barisonzi, M. and Beretta, MM and Blair, R. and Bogaerts, JA and Boterenbrood, H. and Botterill, D. and Ciobotaru, MD and others},
  journal={Nuclear Science, IEEE Transactions on},
  volume={51},
  number={3},
  pages={470--475},
  year={2004},
  publisher={IEEE}
}

@article{armstrong2004studies,
  title={Studies for a common selection software environment in ATLAS: from the level-2 trigger to the offline reconstruction},
  author={Armstrong, S. and Baines, JT and Bee, CP and Biglietti, M. and Bogaerts, A. and Boisvert, V. and Bosman, M. and Brandt, S. and Caron, B. and Casado, P. and others},
  journal={Nuclear Science, IEEE Transactions on},
  volume={51},
  number={3},
  pages={915--920},
  year={2004},
  publisher={IEEE}
}

@article{haeberli2004atlas,
  title={ATLAS TDAQ DataCollection software},
  author={Haeberli, C. and Dos Anjos, A. and Beck, H.P. and Bogaerts, A. and Botterill, D. and Gadomski, S. and Golonka, P. and Hauser, R. and LeVine, M.J. and Mommsen, R. and others},
  journal={IEEE Transactions on Nuclear Science},
  volume={51},
  number={3},
  pages={585--590},
  year={2004},
  publisher={IEEE}
}

@article{armstrong2004algorithms,
  title={Algorithms for the ATLAS high-level trigger},
  author={Armstrong, S. and Baines, JT and Bee, CP and Biglietti, M. and Bogaerts, A. and Boisvert, V. and Bosman, M. and Brandt, S. and Caron, B. and Casado, P. and others},
  journal={IEEE Transactions on Nuclear Science},
  volume={51},
  number={3},
  pages={367--374},
  year={2004},
  publisher={IEEE}
}

@article{dos2004second,
  title={The second level trigger of the ATLAS experiment at CERN's LHC},
  author={dos Anjos, A. and Abolins, M. and Armstrong, S. and Baines, JT and Barisonzi, M. and Beck, HP and Bee, CP and Beretta, M. and Biglietti, M. and Blair, R. and others},
  journal={Nuclear Science, IEEE Transactions on},
  volume={51},
  number={3},
  pages={909--914},
  year={2004},
  publisher={IEEE}
}

@article{conde2004portable,
  title={Portable Gathering System for Monitoring and Online Calibration at ATLAS},
  author={Conde-Muino, P. and Armstrong, S. and Dos Anjos, A. and Baines, JTM and Bee, CP and Biglietti, M. and Bogaerts, JAC and Boisvert, V. and Bosman, M. and Caron, B. and others},
  journal={Proc. Computing in High Energy and Nuclear Physics},
  year={2004}
}

@article{dimattia2004online,
  title={Online muon reconstruction in the ATLAS level-2 trigger system},
  author={DiMattia, A. and Armstrong, S. and Dos Anjos, A. and Baines, JTM and Bee, CP and Biglietti, M. and Bogaerts, JAC and Boisvert, V. and Bosman, M. and Caron, B. and others},
  journal={NSS-MIC Proceedings},
  year={2004}
}

@article{armstrong2004architecture,
  title={Architecture of the ATLAS high level trigger event selection software},
  author={Armstrong, S. and Assamagan, K. and Baines, JT and Bee, CP and Biglietti, M. and Bogaerts, A. and Boisvert, V. and Bosman, M. and Brandt, S. and Caron, B. and others},
  journal={Nuclear Instruments and Methods in Physics Research Section A: Accelerators, Spectrometers, Detectors and Associated Equipment},
  volume={518},
  number={1},
  pages={537--541},
  year={2004},
  publisher={North-Holland}
}

@article{baines2004overview,
  title={An overview of the ATLAS high-level trigger dataflow and supervision},
  author={Baines, JT and Bee, CP and Bogaerts, A. and Bosman, M. and Botterill, D. and Caron, B. and Dos Anjos, A. and Etienne, F. and Gonz{\'a}lez, S. and Karr, K. and others},
  journal={Nuclear Science, IEEE Transactions on},
  volume={51},
  number={3},
  pages={361--366},
  year={2004},
  publisher={IEEE}
}

@inproceedings{ventura2004implementation,
  title={Implementation and performance of the event filter muon selection for the ATLAS experiment at LHC},
  author={Ventura, A. and Armstrong, S. and Assamagan, A. and Baines, JTM and Bee, CP and Bellomo, M. and Biglietti, M. and Bogaerts, JA and Boisvert, V. and Bosman, M. and others},
  booktitle={Nuclear Science Symposium Conference Record, 2004 IEEE},
  volume={3},
  pages={1530--1534},
  year={2004},
  organization={IEEE}
}

@inproceedings{casado2004architecture,
  title={Architecture of the Atlas Online Physics-Selection Software at Lhc},
  author={Casado, P.},
  booktitle={Astroparticle, Particle and Space Physics, Detectors and Medical Physics Applications},
  volume={1},
  pages={255--259},
  year={2004}
}

@inproceedings{armstrong2004implementation,
  title={Implementation and performance of the high level trigger electron and photon selection for the ATLAS experiment at the LHC},
  author={Armstrong, S. and Anjos, AD and Baines, JTM and Bee, CP and Biglietti, M. and Bogaerts, JA and Boisvert, V. and Bosman, M. and Caron, B. and Casado, P. and others},
  booktitle={Nuclear Science Symposium Conference Record, 2004 IEEE},
  volume={4},
  pages={2038--2042},
  year={2004},
  organization={IEEE}
}

%%%%%%%%%%%%%%
%    2003    %
%%%%%%%%%%%%%%

@article{atlas2003daq,
  title={DAQ/DCS Group, ATLAS High-Level Trigger, Data Acquisition and Controls Technical Design Report},
  author={ATLAS, HLT},
  journal={ATLAS preprint ATLAS-TDR-016},
  year={2003}
}

@article{elsing2003configuration,
  title={Configuration of the ATLAS Trigger System},
  author={Elsing, M. and Sch{\"o}rner-Sadenius, T. and Armstrong, S. and Baines, JTM and Bee, CP and Biglietti, M. and Bogaerts, A. and Boisvert, V. and Bosman, M. and Brandt, S. and others},
  year={2003}
}

@article{vermeulen2003baseline,
  title={The Baseline DataFlow System of the ATLAS Trigger \& DAQ},
  author={Vermeulen, JC and Abolins, M. and Dos Anjos, A. and Barisonzi, M. and Beck, HP and Beretta, M. and Blair, R. and Bogaerts, JAC and Boterenbrood, H. and Botterill, D.R. and others},
  journal={9th Workshop on Electronics for LHC Experiments, Amsterdam, Netherland},
  pages={147--151},
  year={2003}
}

@inproceedings{abolins2003second,
  title={The second level trigger of the ATLAS experiment at CERN's LHC},
  author={Abolins, M. and Armstrong, S. and Baines, JT and Barisonzi, M. and Beck, HP and Bee, CP and Beretta, M. and Biglietti, M. and Blair, R. and Bogaerts, A. and others},
  booktitle={Nuclear Science Symposium Conference Record, 2003 IEEE},
  volume={2},
  pages={1309--1313},
  year={2003},
  organization={IEEE}
}

@article{armstrong2003overview,
  title={An overview of algorithms for the ATLAS high-level trigger},
  author={Armstrong, S. and Baines, JTM and Bee, CP and Biglietti, M. and Bogaerts, A. and Boisvert, V. and Bosman, M. and Brandt, S. and Caron, B. and Casado, MP and others},
  journal={IEEE Real Time 2003},
  year={2003}
}

@article{dos2003neural,
  title={Neural particle discrimination for triggering interesting physics channels with calorimetry data},
  author={Dos Anjos, A. and Seixas, JM},
  journal={Nuclear Instruments and Methods in Physics Research Section A: Accelerators, Spectrometers, Detectors and Associated Equipment},
  volume={502},
  number={2},
  pages={713--715},
  year={2003},
  publisher={Elsevier}
}

@techreport{konstantinidis2003architecture,
  title={Architecture of the ATLAS high level trigger event selection software},
  author={Konstantinidis, NP and Armstrong, S. and Assamagan, K.A. and Baines, JTM and Bee, CP and Biglietti, M. and Bogaerts, A. and Boisvert, V. and Bosman, M. and Brandt, S. and others},
  year={2003},
  institution={ATL-DAQ-2003-046}
}

@article{gadomski2003home,
  title={Home> Articles \& Preprints> Preprints> Experience with multi-threaded C++ applications in the ATLAS DataFlow software},
  author={Gadomski, S. and Abolins, M. and Barisonzi, M. and Beck, HP and Beretta, M. and Blair, R. and Bogaerts, JAC and Boterenbrood, H. and Botterill, D.R. and Ciobotaru, M. and others},
  journal={Imprint},
  volume={13},
  pages={5},
  year={2003}
}

@article{wheeler2003overview,
  title={An Overview of the ATLAS High Level Trigger Dataflow and Supervision},
  author={Wheeler, S. and Armstrong, S. and Baines, JTM and Bee, CP and Biglietti, M. and Bogaerts, A. and Boisvert, V. and Bosman, M. and Brandt, S. and Caron, B. and others},
  year={2003}
}

%%%%%%%%%%%%%%
%    2002    %
%%%%%%%%%%%%%%

%%%%%%%%%%%%%%
%    2001    %
%%%%%%%%%%%%%%

@phdthesis{dos2001sistema,
  title={Sistema Neuronal R{\'a}pido de Decisao baseado em Calorimetria de Altas Energias},
  author={dos Anjos, A.R.},
  year={2001},
  school={UNIVERSIDADE FEDERAL DO RIO DE JANEIRO}
}

@article{dossistema,
  title={Sistema de Classifica{\c{c}}ao Baseado em uma M{\'a}quina com processamento distribu{\i}do},
  author={dos Anjos, A.R.}
}

%%%%%%%%%%%%%%
%    1998    %
%%%%%%%%%%%%%%

@article{seixas1998neural,
  title={A neural online triggering system based on parallel processing},
  author={Seixas, JM and Caloba, LP and Anjos, AR and Kastrup, B. and Dantas, ACH and Linhares, R.},
  journal={Nuclear Science, IEEE Transactions on},
  volume={45},
  number={4},
  pages={1814--1818},
  year={1998},
  publisher={IEEE}
}

%%%%%%%%%%%%%%
%    1996    %
%%%%%%%%%%%%%%

@inproceedings{seixas1996particle,
  title={Particle discrimination using sub-optimal filtering techniques},
  author={Seixas, J.M. and Cal{\^o}ba, L.P. and Anjos, A.R.},
  booktitle={Congresso Brasileiro de Automatica (CBA)},
  pages={635--640},
  year={1996}
}
