%%%%%%%%%%%%
%%  2012  %%
%%%%%%%%%%%%

% [TODO] General fixes: 
% * Pages (separated with double dash '--')
% * No space betweeen publication type and first braces: should be '@article{}'
% * Implement automatic (unique) key generation

@inproceedings{pereira2012,
  author    = "Tiago de Freitas Pereira AND André Anjos AND José Mario De Martino and Sébastien Marcel",
  title     = "LBP-TOP based countermeasure against facial spoofing attacks",
  booktitle = "International Workshop on Computer Vision With Local Binary Pattern Variants - ACCV",
  year      = "2012",
  OPTvolume = "",
  OPTnumber = "",
  OPTpages  = "",
  note    = "\url{http://andreanjos.org/static/publications/2012/11/01/accv2012.pdf}",
}

@inproceedings{anjos2012,
  author    = "André Anjos AND Laurent El Shafey AND Roy Wallace AND Manuel Günther AND Chris McCool and Sébastien Marcel",
  title     = "Bob: a free signal processing and machine learning toolbox for researchers",
  booktitle={20th ACM Conference on Multimedia Systems (ACMMM), Nara, Japan. ACM Press},
  year      = "2012",
  OPTvolume = "",
  OPTnumber = "",
  pages   = "1449--1452",
  note    = "\url{http://andreanjos.org/static/publications/2012/07/20/osc001-anjos.pdf}",
}


@inproceedings{chingovska2012,
  author    = "Ivana Chingovska AND André Anjos and Sébastien Marcel",
  title     = "On the Effectiveness of Local Binary Patterns in Face Anti-spoofing",
  booktitle = "IEEE International Conference of the Biometrics Special Interest Group",
  year      = "2012",
  OPTvolume = "",
  OPTnumber = "",
  OPTpages  = "",
  note    = "\url{http://andreanjos.org/static/publications/2012/07/20/biosig12-cameraready.pdf}",
}

%%%%%%%%%%%%
%%  2011  %%
%%%%%%%%%%%%

@inproceedings{anjos2011,
  author    = "André Anjos AND Sébastien Marcel",
  title     = "Counter-Measures to Photo Attacks in Face Recognition: a public database and a baseline",
  booktitle = "International Joint Conference on Biometrics 2011",
  year      = "2011",
  OPTvolume = "",
  OPTnumber = "",
  OPTpages  = "",
  note    = "\url{http://andreanjos.org/static/publications/2011/08/12/camera-ready-ieee-express-ok.pdf}",
}


@inproceedings{chakka2011,
  author    = "Murali Mohan Chakka AND André Anjos AND Sébastien Marcel AND others",
  title     = "Competition on Counter Measures to 2-D Facial Spoofing Attacks",
  booktitle = "International Joint Conference on Biometrics 2011",
  year      = "2011",
  OPTvolume = "",
  OPTnumber = "",
  OPTpages  = "",
  note    = "\url{http://andreanjos.org/static/publications/2011/08/12/cameraReadyVersion.pdf}",
}

%%%%%%%%%%%%
%%  2010  %%
%%%%%%%%%%%%

%% [TODO] http://andreanjos.org/media/publications/2010/01/17/TIPP_Article.pdf
@article{miotto2010configuration,
  title={Configuration and control of the ATLAS trigger and data acquisition},
  author={Miotto, G.L. AND AleksANDrov, I. AND Amorim, A. AND Avolio, G. AND Badescu, E. AND Caprini, M. AND Corso-Radu, A. AND Darlea, G.L. AND Dos Anjos, A. AND Fedorko, I. AND others},
  journal={Nuclear Instruments and Methods in Physics Research Section A: Accelerators, Spectrometers, Detectors and Associated Equipment},
  volume={623},
  number={1},
  pages={549--551},
  year={2010},
  publisher={Elsevier}
}

%%%%%%%%%%%%
%%  2009  %%
%%%%%%%%%%%%

@article{torres2009,
  author  = "Torres, R C AND dos Anjos, A AND Seixas, J M",
  title   = "Automatizing the Online Filter Test Management for a General-Purpose Particle Detector",
  journal = "Computer Physics Communications",
  year    = "2009",
  month   = "October",
  OPTvolume = "",
  OPTnumber = "",
  OPTpages  = "",
  note    = "\url{http://andreanjos.org/static/publications/2010/11/21/python-tdaq.pdf}",
}


@inproceedings{scannicchio2009,
  author    = "Scannicchio, D AND others",
  title     = "ATLAS Trigger and Data Acquisition: capabilities and commissioning",
  booktitle = "11th Pisa Meeting on Advanced Detectors on Frontier Detectors For Frontier Physics, La Biodola, Italy, 24 - 30 May 2009",
  year      = "2009",
  OPTvolume = "",
  OPTnumber = "",
  OPTpages  = "",
  note    = "\url{http://andreanjos.org/static/publications/2010/01/17/ATL-COM-DAQ-2009-088.pdf}",
}


@inproceedings{mattia2009,
  author    = "A. Di Mattia AND others",
  title     = "Commissioning of the ATLAS High Level Trigger with Single Beam and Cosmic Rays",
  booktitle = "Computing in High Energy and Nuclear Physics, Prague, Czech Republic, 21 - 27 Mar 2009",
  year      = "2009",
  OPTvolume = "",
  OPTnumber = "",
  OPTpages  = "",
  note    = "\url{http://andreanjos.org/static/publications/2009/06/19/ATL-DAQ-PROC-2009-013-1.pdf}",
}


@inproceedings{wiedenmann2009,
  author    = "Werner Wiedenmann AND others",
  title     = "The ATLAS online High Level Trigger framework: experience reusing offline software components in the ATLAS trigger",
  booktitle = "Computing in High Energy and Nuclear Physics, Prague, Czech Republic, 21 - 27 Mar 2009",
  year      = "2009",
  OPTvolume = "",
  OPTnumber = "",
  OPTpages  = "",
  note    = "\url{http://andreanjos.org/static/publications/2009/06/19/ATL-DAQ-PROC-2009-011.pdf}",
}


@inproceedings{lehmann2009,
  author    = "Giovanna Lehmann Miotto AND Igor Aleksandrov AND Antonio Amorim AND Giuseppe Avoliod AND Elisabeta Badescue AND Mihai Caprinie AND Alina Corso-Radud AND Georgiana L. Darlea AND Andre dos Anjos AND Ivan Fedorko AND Andrei Kazarov AND Serguei Kolos AND Vladislav Kotov AND Andrew J. Lankford AND Marius Leahu AND Livio Mapelli AND Raul Murillo Garcia AND Yuri Ryabov AND John E. Sloper AND Igor Soloviev AND Lourenco Vaz Gil Lopes",
  title     = "Configuration and Control of the ATLAS Trigger and Data Acquisition",
  booktitle = "The 1st international conference on Technology and Instrumentation in Particle Physics",
  year      = "2009",
  OPTvolume = "",
  OPTnumber = "",
  OPTpages  = "",
  note    = "\url{http://andreanjos.org/static/publications/2010/01/17/TIPP_Article.pdf}",
}


@inproceedings{fonseca2009,
  author    = "Teresa Fonseca-Martins AND others",
  title     = "Atlas trigger for first physics and beyond",
  booktitle = "Physics at LHC 2008 29 September - October 4, 2008 Split, Croatia",
  year      = "2009",
  OPTvolume = "",
  OPTnumber = "",
  OPTpages  = "",
  note    = "\url{http://andreanjos.org/static/publications/2009/02/23/ATL-DAQ-PROC-2009-004.pdf}",
}


@inproceedings{abolins2009,
  author    = "Abolins, M AND Achenbach, R AND Adorisio, C AND Adragna, P AND Aharrouche, M AND dos Anjos, A AND others",
  title     = "ATLAS Trigger Status and Results From Commissioning Operations",
  booktitle = "Advanced Computing on High-Energy Physics 2008, Erice, Sicily, Italy",
  year      = "2009",
  OPTvolume = "",
  OPTnumber = "",
  OPTpages  = "",
  note    = "\url{http://andreanjos.org/static/publications/2009/01/12/ATL-COM-DAQ-2009-004.pdf}",
}

%%%%%%%%%%%%
%%  2008  %%
%%%%%%%%%%%%

@inproceedings{anjos2008,
  author    = "André Anjos",
  title     = "Trigger Systems",
  booktitle = "Experimental High-Energy Physics and Associated Technologies Workshop",
  year      = "2008",
  OPTvolume = "",
  OPTnumber = "",
  OPTpages  = "",
  note    = "\url{http://andreanjos.org/static/publications/2008/12/27/Triggering.pptx}",
}


@inproceedings{anjos2008-2,
  author    = "André Anjos AND others",
  title     = "The DAQ/HLT system of the ATLAS experiment",
  booktitle = "International Workshop on Advanced Computing and Analysis Techniques in Physics Research",
  year      = "2008",
  publisher = "Proceedings of Science",
  OPTvolume = "",
  OPTnumber = "",
  OPTpages  = "",
  note    = "\url{http://andreanjos.org/static/publications/2008/12/27/AdAnjos-acat2008.ppt}",
}


@inproceedings{vandelli2008,
  author    = "Vandelli, W. AND Abolins, M. AND Achenbach, R. AND Adorisio, C.  AND Adragna, P. AND Aharrouche, M. AND dos Anjos, A. AND others",
  title     = "Readiness of the ATLAS Trigger and Data Acquisition system for the first LHC beams",
  booktitle = "11th Topical Seminar On Innovative Particle And Radiation Detectors, Siena, Italy",
  year      = "2008",
  OPTvolume = "",
  OPTnumber = "",
  OPTpages  = "",
  note    = "\url{http://andreanjos.org/static/publications/2009/01/19/ATL-COM-DAQ-2009-005.pdf}",
}


@techreport{aad2008-atlasperf,
  author      = "G. Aad AND E. Abat AND B. Abbott AND J. Abdallah AND A.A. Abdelalim  AND A. Abdesselam AND A. dos Anjos AND others",
  title       = "Expected Performance of the ATLAS Experiment Detector, Trigger, Physics",
  institution = "CERN Open Documentation",
  year        = "2008",
  OPTvolume = "",
  number  = "2008-020",
  note    = "\url{http://andreanjos.org/static/publications/2009/01/06/CERN-OPEN-2008-020.pdf}",
}

% [TODO] Fix: volume number, publisher
@article{aad2008-atlas,
  author  = "G. Aad AND E. Abat AND J. Abdallah AND A. A. Abdelalim AND A. Abdesselam AND O. Abdinov AND B.A. Abi AND M. Abolins AND A. Anjos AND others",
  title   = "The ATLAS Experiment at the CERN Large Hadron Collider",
  journal = "Journal of Instrumentation",
  year    = "2008",
  month   = "August",
  volume = "3",
  number  = "S08003",
  publisher = "IOP Publishing",
  OPTpages  = "",
  note    = "\url{http://andreanjos.org/static/publications/2008/11/30/Published_version_jinst8_08_s08003.pdf}",
}

% [TODO] Insert
@article{vandelli2008atlas,
  title={The ATLAS event builder},
  author={Vandelli, W. AND Abolins, M. AND Battaglia, A. AND Beck, HP AND Blair, R. AND Bogaerts, AJ AND Bosman, M. AND Ciobotaru, MD AND Cranfield, R. AND Crone, G. AND others},
  journal={IEEE Transactions on Nuclear Science},
  volume={55},
  number={6},
  pages={3556--3562},
  year={2008},
  publisher={IEEE}
}

% [TODO] Upgrade to Journal (was inproceedings)
@article{beck2008,
  author  = "Beck, H P AND others",
  title   = "Performance of the final Event Builder for the ATLAS Experiment",
  journal = "IEEE Transactions on Nuclear Science",
  year    = "2008",
  volume  = "55",
  number  = "1",
  pages   = "176--181",
  note    = "Also presented at the 15th IEEE Real Time Conference 2007, \url{http://andreanjos.org/static/publications/2008/11/30/daq-conf-2007-013.pdf}",
}

%%%%%%%%%%%%
%%  2007  %%
%%%%%%%%%%%%

@inproceedings{vandelli2007,
 author  = "Vandelli, W. AND Abolins, M. AND Battaglia, A. AND Beck, H.P. AND Blair, R. AND Bogaerts, A. AND Bosman, M. AND Ciobotaru, M. AND Cranfield, R. AND Crone, G. AND Dawson, J. AND Dobinson, R. AND Dobson, M. AND dos Anjos, A. AND others",
  title     = "The ATLAS Event Builder",
  booktitle = "IEEE Nuclear Science Symposium and Medical Imaging Conference",
  year      = "2007",
  OPTvolume = "",
  OPTnumber = "",
  OPTpages  = "",
  note    = "\url{http://andreanjos.org/static/publications/2008/02/20/EB-IEEE.pdf}",
}


@inproceedings{goncalo2007,
 author  = "Gonçalo, R AND Abolins, M AND Achenbach, R AND Adragna, P AND Aielli, G AND Aleksandrov, E AND Aleksandrov, I AND Aloisio, A AND Alviggi, M G AND Amorim, A AND Anderson, K AND Andrei, V AND Anduaga, X AND dos Anjos, A AND others",
  title     = "The ATLAS trigger - high-level trigger commissioning and operation during early data taking",
  booktitle = "International Europhysics Conference on High Energy Physics",
  year      = "2007",
  OPTvolume = "",
  OPTnumber = "",
  OPTpages  = "",
  note    = "\url{http://andreanjos.org/static/publications/2008/11/30/daq-conf-2007-032.pdf}",
}


@inproceedings{pinto2007,
  author    = "B. Pinto AND A. Amorim AND P. Pereira AND M. Elsing AND R. Hawkings AND J. Schieck AND S. Garcia AND R.D. Schaffer AND H. Ma AND A. Anjos",
  title     = "Alignment data streams for the ATLAS Inner Detector",
  booktitle = "Computing for High-Energy Physics",
  year      = "2007",
  OPTvolume = "",
  OPTnumber = "",
  OPTpages  = "",
  note    = "\url{http://andreanjos.org/static/publications/2007/10/10/bpintoCHEP07.pdf}",
}


@article{xavier2007,
  author  = "Thiago Ciodaro Xavier AND André Rabello dos Anjos AND José Manoel de Seixas",
  title   = "Discriminação Neural de Partículas para um Detector Submetido a uma Alta Taxa de Eventos",
  journal = "Learning and Nonlinear Models - Revista da Sociedade Brasileira de Redes Neurais (SBRN)",
  year    = "2007",
  month   = "October",
  volume  = "4",
  number  = "2",
  pages   = "79--92",
  note    = "\url{http://andreanjos.org/static/publications/2008/12/02/artigo_non_linear_models.pdf}",
}


@inproceedings{abolins2007,
  author    = "Abolins, M AND Achenbach, R AND Adragna, P AND Aielli, G AND dos Anjos, A AND others",
  title     = "The ATLAS Trigger - Commissioning with cosmic rays",
  booktitle = "International Conference on Computing in High Energy and Nuclear Physics",
  year      = "2007",
  OPTvolume = "",
  OPTnumber = "",
  OPTpages  = "",
  note    = "\url{http://andreanjos.org/static/publications/2008/11/30/daq-conf-2007-024.pdf}",
}


@inproceedings{torres2007,
  author    = "Rodrigo Coura Torres AND José Manoel Seixas AND André Rabello dos Anjos AND Danilo Vannier Cunha",
  title     = "Online Electron/Jet Neural High-Level Trigger over Indenpendent Calorimetry Information",
  booktitle = "XI International Workshop on Advanced Computing and Analysis Techniques in Physics Research",
  year      = "2007",
  OPTvolume = "",
  OPTnumber = "",
  OPTpages  = "",
  note    = "\url{http://andreanjos.org/static/publications/2007/08/01/acat-2007.pdf}",
}


@inproceedings{riu2007,
  author    = "I. Riu AND M. Abolins AND P. Adragna AND G. Avolio AND A. Anjos AND others",
  title     = "Integration of the Trigger and Data Acquisition systems in ATLAS",
  booktitle = "IEEE Real-time conference",
  year      = "2007",
  OPTvolume = "",
  OPTnumber = "",
  OPTpages  = "",
  note    = "\url{http://andreanjos.org/static/publications/2008/02/20/com-daq-2007-018-1-may-RT07.pdf}",
}

@inproceedings{anjos2007,
  author    = "Andre dos Anjos AND Paul Bell AND David Berge AND Johannes Haller AND Simon Head AND Shumin Li AND Andreas Hoecker AND Takanori Kohno AND Tania McMahon AND Miroslav Nozicka AND Hans von der Schmitt AND Ralf Spiwoks AND Joerg Stelzer AND Thorsten Wengler AND Werner Wiedenmann",
  title     = "The Configuration System of the ATLAS Trigger",
  booktitle = "IEEE Real-time conference",
  year      = "2007",
  OPTvolume = "",
  OPTnumber = "",
  OPTpages  = "",
  note    = "\url{http://andreanjos.org/static/publications/2008/02/20/AtlasTriggerConfiguration.pdf}",
}


%%%%%%%%%%%%
%%  2006  %%
%%%%%%%%%%%%

@phdthesis{anjos2006-phdthesis,
  author = "André Anjos",
  title  = "Sistema Online de Filtragem em um Ambiente com Alta Taxa de Eventos",
  school = "COPPE/UFRJ",
  year   = "2006",
  note    = "\url{http://andreanjos.org/static/publications/2007/03/26/phd-thesis.tar.bz2}",
}


@article{kordas2006,
  author  = "Kordas, K AND Abolins, M AND Alexandrov, I AND Amorim, A AND Aracena, I AND Armstrong, S AND Anjos, A AND others",
  title   = "The ATLAS Data Acquisition and Trigger : concept, design and status",
  journal = "Nucl. Phys. B, Proc. Suppl.",
  year    = "2006",
  month   = "November",
  volume  = "172",
  OPTnumber = "",
  pages   = "178--182",
  note    = "\url{http://andreanjos.org/static/publications/2008/11/30/daq-conf-2007-022.pdf}",
}


@article{anjos2006-2,
  author  = "A. dos Anjos AND S. Armstrong AND J. T. M. Baines AND H. P. Beck AND C. P. Bee AND others",
  title   = "Deployment of the ATLAS High-Level Trigger",
  journal = "IEEE Transactions on Nuclear Science",
  year    = "2006",
  month   = "August",
  volume  = "53",
  OPTnumber = "",
  pages   = "2144--2149",
  note    = "\url{http://andreanjos.org/static/publications/2008/11/30/cer-002693978.pdf}",
}

% [TODO] Fix number
@article{anjos2006-3,
  author  = "A. dos Anjos AND R.C. Torres AND J.M. Seixas AND B.C. Ferreira AND T.C. Xavier",
  title   = "Neural triggering system operating on high resolution calorimetry information",
  journal = "Nuclear Instruments and Methods in Physics Research",
  year    = "2006",
  month   = "April",
  volume  = "559",
  number = "1",
  pages   = "134--138",
  note    = "\url{http://andreanjos.org/static/publications/2008/11/30/acat2005-paper.pdf}",
}


@inproceedings{unel2006,
  author    = "Ünel, G AND Abolins, M AND Adragna, P AND Alexandrov, I AND Amorim, A AND Anjos, A AND others",
  title     = "Studies with the ATLAS Trigger and Data Acquisition Pre-Series Setup",
  booktitle = "15th International Conference on Computing In High Energy and Nuclear Physics",
  year      = "2006",
  OPTvolume = "",
  OPTnumber = "",
  OPTpages  = "",
  note    = "\url{http://andreanjos.org/static/publications/2008/11/30/daq-conf-2006-019.pdf}",
}


@inproceedings{kordas2006-2,
  author    = "Kordas, K AND Armstrong, S AND Baines, J T M AND Beck, H P AND Bee, C AND Bogaerts, A AND dos Anjos, A;",
  title     = "ATLAS High Level Trigger Infrastructure, ROI Collection and Event Building",
  booktitle = "	15th International Conference on Computing In High Energy and Nuclear Physics",
  year      = "2006",
  OPTvolume = "",
  OPTnumber = "",
  OPTpages  = "",
  note    = "\url{http://andreanjos.org/static/publications/2008/11/30/daq-conf-2007-002.pdf}",
}

# [TODO] Set key
@article{anjos2006-4,
  author  = "dos Anjos, A AND Ellis, Nick AND Haller, J AND Höcker, A AND Kohno, T AND Landon, M AND von der Schmitt, H AND Spiwoks, R AND Wengler, T AND Wiedenmann, W AND Zobernig, H",
  title   = "A configuration system for the ATLAS trigger",
  journal = "Journal of Instrumentation, Institute of Physics Publishing and Sissa",
  year    = "2006",
  month   = "February",
  key = "JINST1:P05004",
  OPTvolume  = "",
  OPTnumber  = "",
  OPTpages  = "",
  note    = "\url{http://andreanjos.org/static/publications/2008/11/30/jinst6_05_p05004.pdf}",
}

@inproceedings{burckhart2006,
  author    = "Burckhart-Chromek, Doris AND Abolins, M AND Adragna, P AND Albuquerque-Portes, M AND Alexandrov, L AND Amorim, A AND Anjos, A AND others",
  title     = "Testing on a Large Scale: running the ATLAS Data Acquisition and High Level Trigger Software on 700 PC Nodes",
  booktitle = "Computing In High Energy and Nuclear Physics",
  year      = "2006",
  OPTvolume = "",
  OPTnumber = "",
  OPTpages  = "",
  note    = "\url{http://andreanjos.org/static/publications/2008/11/30/daq-conf-2006-002.doc}",
}

%%%%%%%%%%%%
%%  2005  %%
%%%%%%%%%%%%

@inproceedings{ventura2005,
  author    = "Ventura, A AND dos Anjos, A AND Armstrong, S AND Baines, J T M AND Bee, C P AND others",
  title     = "Muon Reconstruction and Identification for the Event Filter of the ATLAS experiment",
  booktitle = "9th ICATAPP Conference on High Energy Physics",
  year      = "2005",
  OPTvolume = "",
  OPTnumber = "",
  OPTpages  = "",
  note    = "\url{http://andreanjos.org/static/publications/2008/11/30/daq-conf-2007-001.pdf}",
}


@inproceedings{anjos2005-4,
  author    = "dos Anjos, A. AND Armstrong, S. AND others",
  title     = "Implementation and performance of a tau lepton selection within the ATLAS trigger system at the LHC",
  booktitle = "9th ICATPP Conference on Astroparticle, Particle, Space Physics, Detectors and Medical Physics Applications",
  year      = "2005",
  OPTvolume = "",
  OPTnumber = "",
  OPTpages  = "",
  note    = "\url{http://andreanjos.org/static/publications/2008/11/30/daq-pub-2006-003.pdf}",
}


@inproceedings{anjos2005-3,
  author    = "A. dos Anjos AND R. C. Torres AND B.C. Ferreira,T.C. Xavier AND J.M Seixas AND D.O. Damazio",
  title     = "Otimização do Sistema de Trigger do Segundo Nível do ATLAS Baseado em Calorimetria",
  booktitle = "XXVI Encontro Nacional de Física de Partículas e Campos",
  year      = "2005",
  OPTvolume = "",
  OPTnumber = "",
  OPTpages  = "",
  note    = "\url{http://andreanjos.org/static/publications/2008/12/02/XXVIENFPC_02761.pdf}",
}


@inproceedings{anjos2005-2,
  author    = "A. dos Anjos AND R. C. Torres AND B. C. Ferreira AND T. C. Xavier AND and J. M. de Seixas",
  title     = "Discriminação Neural de Elétrons no Segundo Nível de Trigger do ATLAS",
  booktitle = "XXVI Encontro Nacional de Física de Partículas e Campos",
  year      = "2005",
  OPTvolume = "",
  OPTnumber = "",
  OPTpages  = "",
  note    = "\url{http://andreanjos.org/static/publications/2008/11/30/T0274-1.pdf}",
}


@article{gesualdi2005,
  author  = "Gesualdi-Mello, A AND Anjos, A AND Armstrong, S AND Baines, J T M AND others",
  title   = "Overview of the High-Level Trigger Electron and Photon Selection for the ATLAS Experiment at the LHC",
  journal = "IEEE Transactions Nuclear Sciences (2006)",
  year    = "2005",
  month   = "June",
  volume  = "53",
  OPTnumber = "",
  pages   = "2839--2843",
  note    = "\url{http://andreanjos.org/static/publications/2008/11/30/cer-002529945.pdf}",
}


@article{santamarina2005,
  author  = "Santamarina-Rios, C AND Conde-Muíño, P AND dos Anjos, A AND Armstrong, S AND others",
  title   = "Implementation and Performance of the Seeded Reconstruction for the ATLAS Event Filter Selection Software",
  journal = "IEEE Transcations on Nuclear Sciences",
  year    = "2005",
  month   = "June",
  volume  = "53 (2007)",
  OPTnumber = "",
  pages   = "864--869",
  note    = "\url{http://andreanjos.org/static/publications/2008/11/30/cer-002531126.pdf}",
}


@article{vermeulen2006,
  author  = "Vermeulen, J.C. AND Abolins, M AND Alexandrov, I AND Amorim, A AND dos Anjos, A AND others",
  title   = "ATLAS DataFlow: the Read-Out Subsystem, Results from Trigger and Data-Acquisition System Testbed Studies and from Modeling",
  journal = "IEEE Transcations on Nuclear Sciences",
  year    = "2005",
  month   = "June",
  volume  = "53 (2006)",
  OPTnumber = "",
  pages   = "912--917",
  note    = "\url{http://andreanjos.org/static/publications/2008/11/30/daq-conf-2005-025.pdf}",
}


@inproceedings{anjos2005,
  author    = "dos Anjos, A AND Ellis, Nick AND Haller, J AND Landon, M AND Spiwoks, R AND Wengler, T AND Wiedenmann, W AND Zobernig, H",
  title     = "Configuration of the ATLAS trigger",
  booktitle = "14th IEEE NPSS Real Time Conference",
  year      = "2005",
  OPTvolume = "",
  OPTnumber = "",
  pages   = "990--994",
  note    = "\url{http://andreanjos.org/static/publications/2008/11/30/cer-002532596.pdf}",
}

% [TODO] Promote the publication to Journal (was proceedings)
@article{armstrong2005,
  title     = {Design, deployment and functional tests of the online event filter for the ATLAS experiment at LHC},
  author    = {Armstrong, S. AND Dos Anjos, A. AND Baines, JTM AND Bee, CP AND Biglietti, M. AND Bogaerts, JA AND Boisvert, V. AND Bosman, M. AND Caron, B. AND Casado, P. AND others},
  journal   = {IEEE Transactions on Nuclear Science},
  volume    = {52},
  number    = {6},
  pages     = {2846--2852},
  year      = {2005},
  publisher = {IEEE},
  note      = "Also presented at Nuclear Science Symposium and Medical Imaging Conference 2004, \url{http://andreanjos.org/static/publications/2008/11/30/daq-conf-2005-004.pdf}",
}

%%%%%%%%%%%%
%%  2004  %%
%%%%%%%%%%%%

@inproceedings{schiavi2004,
  author    = "Schiavi, C AND Armstrong, S AND dos Anjos, A AND Baines, J T M AND Bee, C P AND others",
  title     = "Implementation and Performance of the High Level Trigger Electron and Photon Selection for the ATLAS Experiment at the LHC",
  booktitle = "IEEE Nuclear Science Symposium and Medical Imaging Conference",
  year      = "2004",
  OPTvolume = "",
  OPTnumber = "",
  OPTpages  = "",
  note    = "\url{http://andreanjos.org/static/publications/2008/11/30/p250.pdf}",
}


% [TODO] Remove this publication: to few citations...
%inproceedings{dimattia2004,
%  author    = "Di Mattia, A AND Armstrong, S AND dos Anjos, A AND Baines, J T M AND Bee, C P AND Anjos, A",
%  title     = "Online Muon Reconstruction in the ATLAS Level-2 trigger system",
%  booktitle = "Nuclear Science Symposium and Medical Imaging Conference",
%  year      = "2004",
%  OPTvolume = "",
%  OPTnumber = "",
%  OPTpages  = "",
%  note    = "\url{http://andreanjos.org/static/publications/2008/11/30/daq-conf-2005-013.doc}",
%}


@inproceedings{unel2004,
  author    = "Ünel, G AND Abolins, M AND Beck, H.P. AND Beretta, M AND Blair, R AND Bogaerts, J A C AND Anjos, A AND others",
  title     = "Performance of the ATLAS DAQ DataFlow system",
  booktitle = "Computing in High Energy Physics and Nuclear Physics",
  year      = "2004",
  OPTvolume = "",
  OPTnumber = "",
  OPTpages  = "",
  note    = "\url{http://andreanjos.org/static/publications/2008/11/30/p91.pdf}",
}


@inproceedings{condemuino2004,
  author    = "Conde-Muíño, P AND Armstrong, S AND dos Anjos, A AND Baines, J T M AND Bee, C P AND others",
  title     = "Portable Gathering System for Monitoring and Online Calibration at ATLAS",
  booktitle = "Computing in High Energy Physics and Nuclear Physics 2004",
  year      = "2004",
  OPTvolume = "",
  OPTnumber = "",
  OPTpages  = "",
  note    = "\url{http://andreanjos.org/static/publications/2008/11/30/p111.pdf}",
}


@inproceedings{anjos2004-2,
  author    = "A. Anjos and J.M. Seixas",
  title     = "Os Filtros de Alto Nível do Experimento ATLAS",
  booktitle = "XXVI Encontro Nacional de Física de Partículas e Campos",
  year      = "2004",
  OPTvolume = "",
  OPTnumber = "",
  OPTpages  = "",
  note    = "\url{http://andreanjos.org/static/publications/2008/11/30/transparencias.pdf}",
}


@article{anjos2004,
  author  = "dos Anjos, A AND Abolins, M AND Armstrong, S AND Baines, J T M AND Barisonzi, M AND Beck, H P AND Bee, C P AND others",
  title   = "The Second Level Trigger of the ATLAS Experiment at CERN's LHC",
  journal = "IEEE Transaction on Nuclear Science",
  year    = "2004",
  month   = "July",
  volume  = "51",
  number  = "3",
  pages   = "909--914",
  note    = "\url{http://andreanjos.org/static/publications/2008/11/30/daq-2003-052.pdf}",
}


@article{armstrong2004-3,
  author  = "Armstrong, S R AND Baines, J T M AND Bee, C P AND Biglietti, M AND Bogaerts, A AND Boisvert, V AND Anjos, A AND others",
  title   = "Algorithms for the ATLAS high-level trigger",
  journal = "IEEE Transactions on Nuclear Science",
  year    = "2004",
  month   = "June",
  volume  = "51",
  number  = "3",
  pages   = "367--374",
  note    = "\url{http://andreanjos.org/static/publications/2009/01/09/ieeetns-algos.pdf}",
}


@article{beck2004,
  author  = "Beck, H P AND Abolins, M AND dos Anjos, A AND Barisonzi, M AND Beretta, M AND Blair, R AND Bogaerts, A AND others",
  title   = "The base-line DataFlow system of the ATLAS Trigger and DAQ",
  journal = "IEEE Transactions on Nuclear Science",
  year    = "2004",
  month   = "June",
  volume  = "51",
  number  = "3",
  pages   = "470--475",
  note    = "\url{http://andreanjos.org/static/publications/2008/11/30/cer-002407838.pdf}",
}


@article{haeberli2004,
  author  = "Haeberli, C AND dos Anjos, Andre AND Beck, Hans Peter AND Bogaerts, Andre AND Botterill, David R AND Gadomski, Szymon AND Golonka, Piotr AND Hauser, Reiner AND Le Vine, M J AND Mommsen, Remigius AND Perez-Reale, Valeria AND Stancu, Stefan Nicolae AND Schlereth, J L AND Werner, Per AND Wickens, Fred J AND Zobernig, Haimo",
  title   = "ATLAS TDAQ data collection software",
  journal = "IEEE Transactions on Nuclear Science",
  year    = "2004",
  month   = "June",
  volume  = "51",
  OPTnumber = "",
  pages   = "585--590",
  note    = "\url{http://andreanjos.org/static/publications/2008/11/30/cer-002407849.pdf}",
}


@article{wiedenmann2004,
  author  = "Wiedenmann, W AND dos Anjos, A AND Armstrong, S R AND Baines, J T M AND Bee, C P AND Biglietti, M AND Bogaerts, A AND others",
  title   = "Studies for a common selection software environment in ATLAS : from the Level-2 Trigger to the offline reconstruction",
  journal = "IEEE Transactions on Nuclear Science",
  year    = "2004",
  month   = "June",
  volume  = "51",
  number  = "3",
  pages   = "915--920",
  note    = "\url{http://andreanjos.org/static/publications/2008/11/30/daq-2003-037.pdf}",
}


@article{armstrong2004-2,
  author  = "S. Armstrong AND K.A. Assamagan AND J.T. Baines AND C.P. Bee AND M. Biglietti AND A. Bogaerts AND V. Boisvert AND M. Bosman AND S. Brandt AND B. Caron AND P. Casado AND G. Cataldi AND D. Cavalli AND M. Cervetto AND G. Comune AND A. Corso-Radu AND A. Di Mattia AND M. DiazGomez, A. dos Anjos AND others",
  title   = "Architecture of the ATLAS high level trigger event selection software",
  journal = "Nucl. Instrum. Methods Phys. Res.",
  year    = "2004",
  month   = "February",
  volume  = "518",
  number  = "1-2",
  pages   = "537--541",
  note    = "\url{http://andreanjos.org/static/publications/2008/11/30/0306097.pdf}",
}

%%%%%%%%%%%%
%%  2003  %%
%%%%%%%%%%%%

@inproceedings{casado2003,
  author    = "Casado, M P AND Armstrong, S AND Baines, J T M AND Bee, C P AND Anjos, A AND others",
  title     = "Architecture of the ATLAS online physics-selection software at LHC",
  booktitle = "Conference on Astroparticle, Particle, Space Physics, Detectors and Medical Physics Applications",
  year      = "2003",
  OPTvolume = "",
  OPTnumber = "",
  OPTpages  = "",
  note    = "\url{http://andreanjos.org/static/publications/2008/11/30/daq-2003-050.pdf}",
}


@inproceedings{vermeulen2003,
  author    = "Vermeulen, J C AND Abolins, M AND dos Anjos, A AND Barisonzi, M AND Beck, H P AND others",
  title     = "The baseline dataflow system of the ATLAS trigger and DAQ",
  booktitle = "	9th Workshop on Electronics for LHC Experiments",
  year      = "2003",
  OPTvolume = "",
  OPTnumber = "",
  OPTpages  = "",
  note    = "\url{http://andreanjos.org/static/publications/2008/11/30/p147.pdf}",
}


@techreport{caron2003,
  author      = "B. Caron AND J. deJong AND  J.L. Pinfold AND R. Soluk AND S. Wheeler AND A. dos Anjos AND others",
  title       = "The ATLAS HLT, DAQ and DCS Technical Design Report",
  institution = "CERN Publication",
  year        = "2003",
  OPTvolume = "",
  OPTnumber = "",
  note    = "\url{http://andreanjos.org/static/publications/2008/11/30/TDR.pdf}",
}


@article{anjos2003,
  author  = "dos Anjos, A and Seixas, J M",
  title   = "Neural particle discrimination for triggering interesting physics channels with calorimetry data",
  journal = "Nuclear Instruments And Methods In Physics Research A - Accelerators, Spectrometers, Detectors And Associated Equipament",
  year    = "2003",
  month   = "August",
  volume  = "502",
  OPTnumber = "",
  pages   = "713--715",
  note    = "\url{http://andreanjos.org/static/publications/2008/11/30/acat-2002.pdf}",
}


@article{wheeler2004,
  author  = "Wheeler, S AND Armstrong, S AND Baines, J T M AND Bee, C P AND Anjos, A AND others",
  title   = "An Overview of the ATLAS High Level Trigger Dataflow and Supervision",
  journal = "IEEE Transcations on Nuclear Sciences",
  year    = "2003",
  month   = "June",
  volume  = "51",
  number  = "3 (2004)",
  pages   = "361--366",
  note    = "\url{http://andreanjos.org/static/publications/2008/11/30/cer-002411904.pdf}",
}


@inproceedings{lehmann2003,
  author    = "Lehmann, G AND Abolins, M AND dos Anjos, A AND Barisonzi, M AND Beck, H P AND others",
  title     = "The DataFlow System of the ATLAS Trigger and DAQ",
  booktitle = "Conference for Computing in High-Energy and Nuclear Physics",
  year      = "2003",
  OPTvolume = "",
  OPTnumber = "",
  OPTpages  = "",
  note    = "\url{http://andreanjos.org/static/publications/2008/11/30/daq-2003-039.pdf}",
}


@inproceedings{boisvert2003,
  author    = "Boisvert, V AND Armstrong, S AND Baines, J T M AND Bee, C P AND Anjos, A AND others",
  title     = "A New Implementation of the Region-of-Interest Strategy for the ATLAS Second Level Trigger",
  booktitle = "Conference for Computing in High-Energy and Nuclear Physics",
  year      = "2003",
  OPTvolume = "",
  OPTnumber = "",
  OPTpages  = "",
  note    = "\url{http://andreanjos.org/static/publications/2008/11/30/daq-2003-034.pdf}",
}


@article{armstrong2004,
  author  = "Armstrong, S AND Baines, J T M AND Bee, C P AND Anjos, A AND others",
  title   = "An Overview of Algorithms for the ATLAS High Level Trigger",
  journal = "IEEE Transactions on Nuclear Science",
  year    = "2003",
  month   = "June",
  volume  = "51",
  number  = "3 (2004)",
  pages   = "367--374",
  note    = "\url{http://andreanjos.org/static/publications/2008/11/30/cer-002411893.pdf}",
}


@inproceedings{comune2003,
  author    = "Comune, G AND Armstrong, S AND Baines, J T M AND Bee, C P AND Biglietti, M AND Bogaerts, A AND Anjos, A AND others",
  title     = "The Algorithm Steering and Trigger Decision mechanism of the ATLAS High Level Trigger",
  booktitle = "Conference for Computing in High-Energy and Nuclear Physics",
  year      = "2003",
  OPTvolume = "",
  OPTnumber = "",
  OPTpages  = "",
  note    = "\url{http://andreanjos.org/static/publications/2008/11/30/daq-2003-031.pdf}",
}


@inproceedings{gadomski2003,
  author    = "S. Gadomski AND H.P. Beck AND C. Haeberli AND V. Perez Reale AND M. Abolins AND Y. Ermoline AND R. Hauser AND A. dos Anjos AND others",
  title     = "Experience with multi-threaded C++ applications in the ATLAS dataflow software",
  booktitle = "Conference for Computing in High-Energy and Nuclear Physics",
  year      = "2003",
  OPTvolume = "",
  OPTnumber = "",
  OPTpages  = "",
  note    = "\url{http://andreanjos.org/static/publications/2008/11/30/daq-2003-007.pdf}",
}

%%%%%%%%%%%%
%%  2002  %%
%%%%%%%%%%%%

@inproceedings{anjos2002,
  author    = "Anjos, A. AND Seixas, J. M.",
  title     = "Redes Neurais especialistas para a separação Elétron-Jato usando Calorímetros multi-camadas e multi-segmentados",
  booktitle = "XXII Encontro Nacional de Física de Partículas e Campos",
  year      = "2002",
  OPTvolume = "",
  OPTnumber = "",
  OPTpages  = "",
  note    = "\url{http://andreanjos.org/static/publications/2008/11/30/enfpc-2001.pdf}",
}

%%%%%%%%%%%%
%%  2001  %%
%%%%%%%%%%%%

@mastersthesis{anjos2001-masters,
  author = "André Anjos",
  title  = "Sistema neuronal rápido de decisão baseado em calorimetria de altas energias",
  school = "COPPE/UFRJ",
  year   = "2001",
  note    = "\url{http://andreanjos.org/static/publications/2007/03/25/msc-thesis.pdf}",
}

%%%%%%%%%%%%
%%  2000  %%
%%%%%%%%%%%%

@inproceedings{anjos2000,
  author    = "André Rabello dos Anjos AND José Manoel de Seixas",
  title     = "Mapeamento em anéis para uma separação neuronal elétron-jato usando calorímetros multi-camadas e multi-segmentados",
  booktitle = "XIX Encontro Nacional de Física de Partículas e Campos",
  year      = "2000",
  OPTvolume = "",
  OPTnumber = "",
  OPTpages  = "",
  note    = "\url{http://andreanjos.org/static/publications/2008/11/30/poster.pdf}",
}

%%%%%%%%%%%%
%%  1999  %%
%%%%%%%%%%%%

@inproceedings{anjos1999,
  author    = "André Rabello dos Anjos AND José Manoel de Seixas",
  title     = "Integrando Plataformas e Algoritmos para o Segundo Nível de Trigger do Experimento ATLAS",
  booktitle = "Encontro Nacional de Física de Partículas e Campos",
  year      = "1999",
  OPTvolume = "",
  OPTnumber = "",
  OPTpages  = "",
  note    = "\url{http://andreanjos.org/static/publications/2009/01/09/enfpc99-final-doc.pdf}",
}

%%%%%%%%%%%%
%%  1998  %%
%%%%%%%%%%%%

@inproceedings{anjos1998,
  author    = "André Rabello dos Anjos AND Augusto Dantas AND José Manoel de Seixas",
  title     = "Um Protótipo do Sistema de Validação do Nível 2 para as Condições do LHC",
  booktitle = "Encontro Nacional de Física de Partículas e Campos",
  year      = "1998",
  OPTvolume = "",
  OPTnumber = "",
  pages   = "32--33",
  note    = "\url{http://andreanjos.org/static/publications/2009/01/09/sbf98.pdf}",
}


@inproceedings{seixas1998-2,
  author    = "J. M. Seixas AND A. R. Anjos AND C. B. Prado AND L. P. Calôba AND A. C. H. Dantas and J. C. R. Aguiar",
  title     = "Neural classifiers implemented in a transputer based parallel machine",
  booktitle = "International Meeting on Vector and Parallel Processing (VECPAR)",
  year      = "1998",
  OPTvolume = "",
  OPTnumber = "",
  OPTpages  = "",
  note    = "\url{http://andreanjos.org/static/publications/2009/01/09/vecpar98.pdf}",
}


@article{seixas1998,
  author  = "Seixas, J.M. AND Caloba, L.P. AND Anjos, A.R. AND Kastrup, B. AND Dantas, A.C.H. AND Linhares, R.",
  title   = "A neural online triggering system based on parallel processing",
  journal = "IEEE Transactions on Nuclear Science",
  year    = "1998",
  month   = "August",
  volume  = "45",
  number  = "4",
  pages   = "1814--1818",
  note    = "\url{http://andreanjos.org/static/publications/2008/12/02/MergePDFs.pdf}",
}

%%%%%%%%%%%%
%%  1997  %%
%%%%%%%%%%%%

@mastersthesis{anjos1997-grad,
  author = "André Rabello dos Anjos",
  title  = "Sistema de classificação baseado em uma máquina com sistema distribuído",
  school = "Departamento de Eletronica/UFRJ",
  year   = "1997",
  note    = "\url{http://andreanjos.org/static/publications/2007/03/25/grad-thesis.pdf}",
}


@inproceedings{seixas1997,
  author    = "Seixas, J. M. de AND Calôba, L. P. AND Anjos, A. R. AND Dantas AND A. C. H. and Linhares, R.",
  title     = "Fast Neural Decision System Based On DSPs And Parallel Processing",
  booktitle = "International Conference on Signal Processing Applications and Technologies, San Diego, USA",
  year      = "1997",
  OPTvolume = "",
  OPTnumber = "",
  pages   = "1629--1633",
  note    = "\url{http://andreanjos.org/static/publications/2009/01/09/icspat97.pdf}",
}

%%%%%%%%%%%%
%%  1996  %%
%%%%%%%%%%%%

@inproceedings{seixas1996,
  author    = "Seixas, J. M. de AND Calôba, L. P. AND Anjos, A. R.",
  title     = "Particle discrimination using sub-optimal filtering techniques",
  booktitle = "Congresso Brasileiro de Automatica (CBA), São Paulo, Brazil",
  year      = "1996",
  OPTvolume = "",
  OPTnumber = "",
  pages   = "635--640",
  note    = "\url{http://andreanjos.org/static/publications/2009/01/09/cba96.pdf}",
}
